@comment{x-kbibtex-personnameformatting=<%l><, %f>}

@string{SV = "{Springer-Verlag}"}

@string{LNCS = "{LNCS}"}

@string{HASKELL = "Proc. {ACM} {SIGPLAN} symposium on {H}askell"}

@string{PSI = "{Proc. Andrei Ershov International Conference on Perspectives of System Informatics}"}

@string{TCS = "{Theoretical Computer Science}"}

@string{SAS = "{Proc. Symp. on Static Analysis}"}

@string{ESORICS = "{Proc. European Symp. on Research in Computer Security}"}

@string{ASIAN = "{Proc. of Asian Computing Science Conference}"}

@string{CSFW = "{Proc. IEEE Computer Sec. Foundations Workshop}"}

@string{POPL = "{Proc. ACM Symp. on Principles of Programming Languages}"}

@string{PLDI = "{Proc. ACM Conference on Programming Language Design and Implementation}"}

@string{CSF = "{Proc. IEEE Computer Sec. Foundations Symposium}"}

@string{SSP = "{Proc. IEEE Symp. on Security and Privacy}"}

@string{NDSS = "{Proc. Network and Distributed System Security Symposium}"}

@string{JCS = "{J. Computer Security}"}

@string{SOSP = "{Proc. ACM Symp. on Operating System Principles}"}

@string{USENIXSEC = "{Proc. USENIX Security Symp.}"}

@string{NORDSEC = "Proc. Nordic Conference in Secure IT Systems (NORDSEC)"}

@inproceedings{Poulding:2014,
 author = {Poulding, Simon and Feldt, Robert},
 title = {Generating Structured Test Data with Specific Properties Using Nested Monte-Carlo Search},
 booktitle = {Proceedings of the 2014 Annual Conference on Genetic and Evolutionary Computation},
 series = {GECCO '14},
 year = {2014},
 isbn = {978-1-4503-2662-9},
 location = {Vancouver, BC, Canada},
 pages = {1279--1286},
 numpages = {8},
 url = {http://doi.acm.org/10.1145/2576768.2598339},
 doi = {10.1145/2576768.2598339},
 acmid = {2598339},
 publisher = {ACM},
 address = {New York, NY, USA},
 keywords = {data structures, nested monte-carlo search, search-based software engineering, software testing},
}

@inproceedings{Heintze:Riecke:Slam,
	author = "Heintze, N. and Riecke, J. G.",
	booktitle = POPL,
	month = jan,
	pages = "365--377",
	title = "{The {SLam} calculus: programming with secrecy and integrity}",
	year = 1998
}

@inproceedings{Abadi+:Core,
	author = "Abadi, M. and Banerjee, A. and Heintze, N. and Riecke, J.",
	booktitle = POPL,
	month = jan,
	pages = "147--160",
	title = "{A Core Calculus of Dependency}",
	year = 1999
}

@inproceedings{Tse:Zdancewic:ICFP04,
	author = "Tse, S. and Zdancewic, S.",
	booktitle = "{Proc. of the Ninth ACM SIGPLAN International Conference on Functional Programming}",
	publisher = "ACM",
	title = "{Translating dependency into parametricity}",
	year = "2004"
}

@inproceedings{Pottier:Simonet:POPL02,
	author = "Pottier, F. and Simonet, V.",
	booktitle = POPL,
	month = jan,
	pages = "319--330",
	title = "{Information Flow Inference for {ML}}",
	year = 2002
}

@unpublished{FlowCaml,
	author = "Simonet, V.",
	note = "Software release at \url{http://cristal.inria.fr/~simonet/soft/flowcaml/}",
	title = "The {Flow} {Caml} System",
	year = 2003
}

@inproceedings{LiZdancewic:CSFW06,
	author = "Li, P. and Zdancewic, S.",
	booktitle = "Proc. of the {IEEE} {W}orkshop on Computer Security Foundations ({CSFW '06})",
	publisher = "IEEE Computer Society",
	title = "Encoding Information Flow in {H}askell",
	year = 2006
}

@article{hughes00generalising,
	author = "Hughes, J.",
	journal = "Science of Computer Programming",
	number = "1--3",
	pages = "67--111",
	title = "{Generalising monads to arrows}",
	volume = 37,
	year = 2000
}

@inproceedings{Sabelfeld:Russo:PSI09,
	author = "Sabelfeld, A. and Russo, A.",
	booktitle = "{Proc. Andrei Ershov International Conference on Perspectives of System Informatics (PSI '09)}",
	month = jun,
	optpages = "",
	optvolume = 0,
	publisher = SV,
	series = LNCS,
	title = "{From dynamic to static and back: Riding the roller coaster of information-flow control research}",
	year = 2009
}

@inproceedings{Devriese:2011,
	author = "Devriese, D. and Piessens, F.",
	booktitle = "Proc. of the {ACM SIGPLAN} Workshop on Types in Language Design and Implementation ({TLDI '11})",
	publisher = "ACM",
	title = "Information flow enforcement in monadic libraries",
	year = "2011"
}

@inproceedings{Atkey06parameterisednotions,
	author = "Atkey, Robert",
	booktitle = "{Workshop on mathematically structured functional programming, ed. Conor McBride and Tarmo Uustalu. Electronic Workshops in Computing, British Computer Society}",
	pages = "31--45",
	title = "{Parameterised notions of computation}",
	year = "2006"
}

@inproceedings{Morgenstern:2010,
	author = "Morgenstern, Jamie and Licata, Daniel R.",
	booktitle = "{Proc. of the 15th ACM SIGPLAN International Conference on Functional Programming}",
	publisher = "ACM",
	title = "{Security-typed programming within dependently typed programming}",
	year = "2010"
}

@inproceedings{Li:2005,
	author = "Li, Peng and Zdancewic, Steve",
	booktitle = "{Proc. of the 18th IEEE workshop on Computer Security Foundations}",
	publisher = "IEEE Computer Society",
	title = "{Practical Information-flow Control in Web-Based Information Systems}",
	year = "2005"
}

@book{O'Sullivan:2008,
	author = "O'Sullivan, Bryan and Goerzen, John and Stewart, Don",
	edition = "1st",
	publisher = "O'Reilly Media, Inc.",
	title = "{Real World Haskell}",
	year = "2008"
}

@article{leijen:haskelldb,
	author = "Leijen, D. and Meijer, E.",
	journal = "ACM SIGPLAN Notices",
	number = "1",
	pages = "109--122",
	publisher = "ACM",
	title = "{Domain specific embedded compilers}",
	volume = "35",
	year = "2000"
}

@conference{bringert:haskelldb,
	author = "Bringert, B. and H{\"o}ckersten, A. and Andersson, C. and Andersson, M. and Bergman, M. and Blomqvist, V. and Martin, T.",
	booktitle = "{Proc. of the 2004 ACM SIGPLAN workshop on Haskell}",
	organization = "ACM",
	pages = "108--115",
	title = "{Student paper: HaskellDB improved}",
	year = "2004"
}

@techreport{Biba,
	author = "Biba, K. J.",
	institution = "MITRE Corp.",
	month = "April",
	number = "ESD-TR-76-372",
	title = "{Integrity Considerations for Secure Computer Systems}",
	year = 1977
}

@inproceedings{thomas:preparedstatements,
	author = "Thomas, Stephen and Williams, Laurie",
	booktitle = "Proc. of the {I}nternational Workshop on Software Engineering for Secure Systems {(SESS '07)}",
	publisher = "IEEE Computer Society",
	series = "{SESS '07}",
	title = "{Using Automated Fix Generation to Secure SQL Statements}",
	year = "2007"
}

@inproc.{kiselyov:hlist,
	author = "Kiselyov, Oleg and L{\"a}mmel, Ralf and Schupke, Keean",
	booktitle = "{ACM SIGPLAN Haskell Workshop}",
	month = "September",
	title = "{Strongly Typed Heterogeneous Collections}",
	year = 2004
}

@inproceedings{Davidson:2008,
	author = "Davidson, Susan B. and Freire, Juliana",
	booktitle = "{Proc. of the 2008 ACM SIGMOD international conference on Management of data}",
	publisher = "ACM",
	series = "{SIGMOD '08}",
	title = "{Provenance and scientific workflows: challenges and opportunities}",
	year = "2008"
}

@article{Bose:2005,
	author = "Bose, Rajendra and Frew, James",
	issue = "1",
	journal = "ACM Comput. Surv.",
	month = "March",
	publisher = "ACM",
	title = "{Lineage retrieval for scientific data processing: a survey}",
	volume = "37",
	year = "2005"
}

@article{journals/debu/Tan07,
	author = "Tan, Wang Chiew",
	journal = "IEEE Data Eng. Bull.",
	number = "4",
	pages = "3--12",
	title = "{Provenance in Databases: Past, Current, and Future}",
	volume = "30",
	year = "2007"
}

@inproceedings{Buneman:2002,
	author = "Buneman, Peter and Khanna, Sanjeev and Tan, Wang-Chiew",
	booktitle = "{Proc. of the twenty-first ACM SIGMOD-SIGACT-SIGART Symp. on Principles of database systems}",
	pages = "150--158",
	publisher = "ACM",
	series = "{PODS '02}",
	title = "{On propagation of deletions and annotations through views}",
	year = "2002"
}

@unpublished{jif,
	author = "Myers, A. C. and Zheng, L. and Zdancewic, S. and Chong, S. and Nystrom, N.",
	note = "\url{http://www.cs.cornell.edu/jif}",
	title = "{{Jif}: {J}ava Information Flow}",
	year = 2001
}

@inproceedings{Zdancewic+:Partitioning,
	author = "Zdancewic, S. and Zheng, L. and Nystrom, N. and Myers, A. C.",
	booktitle = SOSP,
	month = oct,
	title = "{Untrusted Hosts and Confidentiality: Secure Program Partitioning}",
	year = 2001
}

@inproc.{Chong+:SOSP07,
	author = "Chong, S. and Liu, J. and Myers, A. C. and Qi, X. and Vikram, K. and Zheng, L. and Zheng, X.",
	booktitle = SOSP,
	month = oct,
	pages = "31--44",
	title = "{Secure Web Applications via Automatic Partitioning}",
	year = 2007
}

@inproc.{Chong+:USENIXSEC07,
	author = "Chong, S. and Vikram, K. and Myers, A. C.",
	booktitle = USENIXSEC,
	month = aug,
	pages = "1--16",
	title = "{SIF: Enforcing Confidentiality and Integrity in Web Applications}",
	year = 2007
}

@inproceedings{Zheng:2003,
	address = "Washington, DC, USA",
	author = "Zheng, Lantian and Chong, Stephen and Myers, Andrew C. and Zdancewic, Steve",
	booktitle = "{Proc. of the 2003 IEEE Symp. on Security and Privacy}",
	publisher = "IEEE Computer Society",
	series = "{SP '03}",
	title = "{Using Replication and Partitioning to Build Secure Distributed Systems}",
	year = "2003"
}

@article{Li+:2010:arrows,
	author = "Li, P. and Zdancewic, S.",
	journal = "Theoretical Computer Science",
	number = "19",
	pages = "1974--1994",
	publisher = "Elsevier",
	title = "{Arrows for secure information flow}",
	volume = "411",
	year = "2010"
}

@inproceedings{hawkins:2011:data,
	author = "Hawkins, P. and Aiken, A. and Fisher, K. and Rinard, M. and Sagiv, M.",
	booktitle = PLDI,
	title = "{Data Representation Synthesis}",
	year = "2011"
}

@inproceedings{Harrison05,
	author = "Harrison, William L.",
	booktitle = "{In 18th IEEE Computer Security Foundations Workshop}",
	pages = "16--30",
	publisher = "IEEE Computer Society",
	title = "{Achieving information flow security through precise control of effects}",
	year = "2005"
}

@article{Crary:2005,
	author = "Crary, Karl and Kliger, Aleksey and Pfenning, Frank",
	issue = "2",
	journal = "Journal of Functional Programming",
	month = "March",
	numpages = "43",
	pages = "249--291",
	publisher = "Cambridge University Press",
	title = "{A monadic analysis of information flow security with mutable state}",
	volume = "15",
	year = "2005"
}

@inproceedings{Felleisen:1988,
	author = "Felleisen, Mattias",
	booktitle = "{Proc. of the 15th ACM SIGPLAN-SIGACT Symp. on Principles of programming languages}",
	location = "San Diego, California, United States",
	numpages = "11",
	pages = "180--190",
	publisher = "ACM",
	title = "{The theory and practice of first-class prompts}",
	year = "1988"
}

@inproceedings{Goguen:Meseguer:Noninterference,
	author = "Goguen, J.A. and Meseguer, J.",
	booktitle = "Proc of {IEEE} {S}ymposium on Security and Privacy",
	publisher = "IEEE Computer Society",
	title = "Security policies and security models",
	year = 1982
}

@article{Banerjee:2005,
	author = "Banerjee, Anindya and Naumann, David A.",
	issue = "2",
	journal = "Journal Functional Programming",
	month = "March",
	numpages = "47",
	pages = "131--177",
	publisher = "Cambridge University Press",
	title = "{Stack-based access control and secure information flow}",
	volume = "15",
	year = "2005"
}

@inproceedings{Hunt:2006,
	author = "Hunt, Sebastian and Sands, David",
	booktitle = "{Conference record of the 33rd ACM SIGPLAN-SIGACT Symp. on Principles of programming languages}",
	location = "Charleston, South Carolina, USA",
	numpages = "12",
	pages = "79--90",
	publisher = "ACM",
	series = "{POPL '06}",
	title = "{On flow-sensitive security types}",
	year = "2006"
}

@inproceedings{Russo:2010,
	author = "Russo, Alejandro and Sabelfeld, Andrei",
	booktitle = "{Proc. of the 2010 23rd IEEE Computer Security Foundations Symp.}",
	numpages = "14",
	pages = "186--199",
	publisher = "IEEE Computer Society",
	series = "{CSF '10}",
	title = "{Dynamic vs. Static Flow-Sensitive Security Analysis}",
	year = "2010"
}

@inproceedings{leroy:1998:security,
	author = "Leroy, X. and Rouaix, F.",
	booktitle = "{Proc. of the 25th ACM SIGPLAN-SIGACT Symp. on Principles of programming languages}",
	organization = "ACM",
	pages = "391--403",
	title = "{Security properties of typed applets}",
	year = "1998"
}

@article{banerjee:2005:stack,
	author = "Banerjee, A. and Naumann, D.A.",
	journal = "Journal of Functional Programming",
	number = "02",
	pages = "131--177",
	publisher = "Cambridge Univ Press",
	title = "{Stack-based access control and secure information flow}",
	volume = "15",
	year = "2005"
}

@misc{biba1977integrity,
	author = "Biba, K. J.",
	howpublished = "ESD-TR-76-372",
	title = "{Integrity considerations for secure computer systems}",
	year = "1977"
}

@inproceedings{Hedin:Sands:CSFW06,
	author = "Hedin, D. and Sands, David",
	booktitle = "{Proc. of the 19th IEEE Computer Security Foundations Workshop}",
	publisher = "IEEE Computer Society Press",
	title = "{Noninterference in the presence of non-opaque pointers}",
	year = "2006"
}

@article{Volpano:Smith:Probabilistic,
	author = "Volpano, D. and Smith, G.",
	journal = "J. Computer Security",
	month = nov,
	number = "2--3",
	title = "{Probabilistic Noninterference in a Concurrent Language}",
	volume = 7,
	year = 1999
}

@inproceedings{launchbury1993natural,
	author = "Launchbury, J.",
	booktitle = "{Proc. of the 20th ACM SIGPLAN-SIGACT Symp. on Principles of programming languages}",
	organization = "ACM",
	pages = "144--154",
	title = "{A natural semantics for lazy evaluation}",
	year = "1993"
}

@inproceedings{Chapman:2004,
	author = "Chapman, Roderick and Hilton, Adrian",
	booktitle = "{Proc. of the 2004 annual ACM SIGAda international conference on Ada}",
	publisher = "ACM",
	title = "{Enforcing security and safety models with an information flow analysis tool}",
	year = "2004"
}

@inproceedings{Hedin2011,
	author = "Hedin, D. and Sabelfeld, A.",
	booktitle = "{Proc. of the 2011 Marktoberdorf Summer School}",
	publisher = "{IOS} Press",
	title = "{A Perspective on Information-Flow Control}",
	year = "2011"
}

@inproceedings{Tsai:Russo:Hughes:CSF07,
	author = "Tsai, T. C. and Russo, A. and Hughes, J.",
	booktitle = "Proc. {IEEE} Computer Security Foundations Symposium ({CSF '07})",
	month = jul,
	title = "A Library for Secure Multi-threaded Information Flow in {H}askell",
	year = 2007
}

@inproceedings{CH96,
	author = "Peyton Jones, S. and Gordon, A. and Finne, S.",
	booktitle = "Proc. of the {ACM SIGPLAN-SIGACT} symposium on Principles of programming languages ({POPL '96})",
	publisher = "ACM",
	title = "{Concurrent Haskell}",
	year = "1996"
}

@inproceedings{Felten:2000,
	author = "Felten, Edward W. and Schneider, Michael A.",
	booktitle = "{Proc. of the 7th ACM conference on Computer and communications security}",
	publisher = "ACM",
	series = "{CCS '00}",
	title = "{Timing attacks on Web privacy}",
	year = "2000"
}

@inproceedings{Bortz:2007,
	author = "Bortz, Andrew and Boneh, Dan",
	booktitle = "{Proc. of the 16th World Wide Web}",
	publisher = "ACM",
	title = "{Exposing private information by timing web applications}",
	year = "2007"
}

@inproceedings{Kocher:1996,
	author = "Kocher, Paul C.",
	booktitle = "{Proc. of the 16th {CRYPTO}}",
	publisher = "Springer-Verlag",
	title = "Timing Attacks on Implementations of {D}iffie-{H}ellman, {RSA}, {DSS}, and Other Systems",
	year = "1996",
}

@article{Wong:2005,
	author = "Wong, Wing H.",
	issue = "3",
	journal = "Crossroads",
	month = "May",
	publisher = "ACM",
	title = "{Timing attacks on {RSA}: revealing your secrets through the fourth dimension}",
	volume = "11",
	year = "2005"
}

@inproceedings{Handschuh:1998,
	author = "Handschuh, Helena and Heys, Howard M.",
	booktitle = "{Proc. of the Selected Areas in Cryptography}",
	publisher = "Springer-Verlag",
	title = "{A Timing Attack on {RC5}}",
	year = "1999"
}

@article{Hedin:2005,
	author = "Hedin, Daniel and Sands, David",
	issue = "1",
	journal = "Elec. Notes Theor. Comput. Sci.",
	publisher = "Elsevier Science Publishers B. V.",
	title = "{Timing Aware Information Flow Security for a {J}avaCard-like Bytecode}",
	volume = "141",
	year = "2005"
}

@article{Barthe:2006,
	author = "Barthe, Gilles and Rezk, Tamara and Warnier, Martijn",
	issue = "2",
	journal = "Electron. Notes Theor. Comput. Sci.",
	month = "May",
	publisher = "Elsevier Science Publishers B. V.",
	title = "{Preventing Timing Leaks Through Transactional Branching Instructions}",
	volume = "153",
	year = "2006"
}

@inproceedings{Agat:Timing,
	author = "Agat, J.",
	booktitle = POPL,
	month = jan,
	title = "{Transforming out timing leaks}",
	year = 2000
}

@inproceedings{Askarov:2010,
	author = "Askarov, Aslan and Zhang, Danfeng and Myers, Andrew C.",
	booktitle = "{Proc. of the 17th ACM conference on Computer and Communications Security}",
	publisher = "ACM",
	title = "{Predictive black-box mitigation of timing channels}",
	year = 2010
}

@inproceedings{Zhang:2011,
	author = "Zhang, Danfeng and Askarov, Aslan and Myers, Andrew C.",
	booktitle = "{Proc. of the 18th ACM conference on Computer and Communications Security}",
	publisher = "ACM",
	title = "{Predictive mitigation of timing channels in interactive systems}",
	year = "2011"
}

@inproceedings{Liang95monadtransformers,
	author = "Liang, Sheng and Hudak, Paul and Jones, Mark",
	booktitle = "{In Proc. of the 22nd ACM Symposium on Principles of Programming Languages. ACMPress}",
	title = "{Monad Transformers and Modular Interpreters}",
	year = "1995"
}

@inproceedings{stefan:lio,
	author = "Stefan, D. and Russo, A. and Mitchell, J. C. and Mazi{\`e}res, D.",
	booktitle = "Proc. of the {ACM SIGPLAN} {H}askell symposium ({HASKELL '11})",
	title = "Flexible Dynamic Information Flow Control in {Haskell}",
	year = "2011"
}

@inproceedings{Jaskelioff:SME,
	author = "Jaskelioff, M. and Russo, A.",
	booktitle = "{Proc. Andrei Ershov International Conference on Perspectives of System Informatics}",
	month = jun,
	publisher = SV,
	series = LNCS,
	title = "{Secure multi-execution in {H}askell}",
	year = 2011
}

@inproceedings{brumley:remote,
	author = "Brumley, D. and Boneh, D.",
	booktitle = "{Proc. of the 12th conference on USENIX Security Symposium-Volume 12}",
	organization = "USENIX Association",
	pages = "1--1",
	title = "{Remote timing attacks are practical}",
	year = "2003"
}

@article{coppersmith1997small,
	author = "Coppersmith, D.",
	journal = "Journal of Cryptology",
	number = "4",
	publisher = "Springer",
	title = "{Small solutions to polynomial equations, and low exponent RSA vulnerabilities}",
	volume = "10",
	year = "1997"
}

@inproceedings{Smith:CSFW01,
	author = "Smith, G.",
	booktitle = CSFW,
	month = jun,
	title = "{A New Type System for Secure Information Flow}",
	year = 2001
}

@inproceedings{Castellani:Boudol:ICALP01,
	author = "Boudol and Castellani",
	booktitle = "{Proc. ICALP'01}",
	month = jul,
	publisher = SV,
	series = LNCS,
	title = "{Noninterference for Concurrent Programs}",
	volume = 2076,
	year = 2001
}

@inproceedings{Zdancewic:Myers:CSFW03,
	author = "Zdancewic, S. and Myers, A. C.",
	booktitle = CSFW,
	month = jun,
	pages = "29--43",
	title = "{Observational Determinism for Concurrent Program Security}",
	year = 2003
}

@inproceedings{Russo:Sabelfeld:CSFW06,
	author = "Russo, A. and Sabelfeld, A.",
	booktitle = CSFW,
	month = jul,
	pages = "177--189",
	title = "{Securing Interaction between Threads and the Scheduler}",
	year = 2006
}

@inproceedings{Russo:Sabelfeld:PSI06,
	author = "Russo, A. and Sabelfeld, A.",
	booktitle = PSI,
	month = jun,
	optpages = "",
	optvolume = 0,
	publisher = SV,
	series = LNCS,
	title = "{Security for Multithreaded Programs under Cooperative Scheduling}",
	year = 2006
}

@inproceedings{Russo+:ASIAN06,
	author = "Russo, A. and Hughes, J. and Naumann, D. and Sabelfeld, A.",
	booktitle = ASIAN,
	month = dec,
	optnote = "To appear.",
	optpages = "129--145",
	optvolume = 3302,
	publisher = SV,
	series = LNCS,
	title = "{Closing Internal Timing Channels by Transformation}",
	year = 2006
}

@inproceedings{Smith:Volpano:MultiThreaded,
	author = "Smith, G. and Volpano, D.",
	booktitle = "Proc. {ACM} symposium on Principles of Programming Languages ({POPL '98})",
	title = "Secure Information Flow in a Multi-threaded Imperative Language",
	year = 1998
}

@inproceedings{Smith:CSFW03,
	author = "Smith",
	booktitle = CSFW,
	pages = "3--13",
	title = "{Probabilistic Noninterference through Weak Probabilistic Bisimulation}",
	year = 2003
}

@inproceedings{Huisman:Worah:Sunesen:CSFW06,
	author = "Huisman, M. and Worah, P. and Sunesen, K.",
	booktitle = CSFW,
	month = jul,
	title = "{A temporal logic characterisation of observational determinism}",
	year = 2006
}

@inproceedings{Terauchi:2008,
	author = "Terauchi, Tachio",
	booktitle = "{Proc. of the 2008 21st IEEE Computer Security Foundations Symposium}",
	pages = "287--300",
	publisher = "IEEE Computer Society",
	title = "{A Type System for Observational Determinism}",
	year = "2008"
}

%{G. Boudol and I. Castellani},

@article{Castellani:Boudol:TCS02,
	author = "Boudol, G{\'e}rard and Castellani, Ilaria",
	journal = TCS,
	month = jun,
	number = 1,
	title = "{Non-interference for concurrent programs and thread systems}",
	volume = 281,
	year = 2002
}

@inproceedings{Volpano:1997:ECF:794197.795081,
	author = "Volpano, Dennis and Smith, Geoffrey",
	booktitle = "{Proc. of the 10th IEEE workshop on Computer Security Foundations}",
	publisher = "IEEE Computer Society",
	series = "{CSFW '97}",
	title = "{Eliminating Covert Flows with Minimum Typings}",
	year = "1997"
}

@inproceedings{Kopf:Mantel:FAST05,
	author = "K{\"o}pf, B. and Mantel, H.",
	booktitle = "{Formal Aspects in Security and Trust, Third International Workshop (FAST'05)}",
	month = jul,
	publisher = SV,
	series = LNCS,
	title = "{Eliminating Implicit Information Leaks by Transformational Typing and Unification}",
	volume = 3866,
	year = 2006
}

@inproceedings{Sabelfeld:Sands:CSFW00,
	author = "Sabelfeld, A. and Sands, D.",
	booktitle = CSFW,
	month = jul,
	pages = "200--214",
	title = "{Probabilistic Noninterference for Multi-threaded Programs}",
	year = 2000
}

@inproceedings{Sabelfeld:PSI01,
	author = "Sabelfeld, A.",
	booktitle = "{Proc. Andrei Ershov International Conference on Perspectives of System Informatics}",
	month = jul,
	pages = "225--239",
	publisher = SV,
	series = LNCS,
	title = "{The Impact of Synchronisation on Secure Information Flow in Concurrent Programs}",
	volume = 2244,
	year = 2001
}

@inproceedings{Sabelfeld:Mantel:SAS02,
	author = "Sabelfeld, A. and Mantel, H.",
	booktitle = SAS,
	month = sep,
	pages = "376--394",
	publisher = SV,
	series = LNCS,
	title = "{Static Confidentiality Enforcement for Distributed Programs}",
	volume = 2477,
	year = 2002
}

@inproceedings{Devriese:2010,
	author = "Devriese, D. and Piessens, F.",
	booktitle = "{Proc. of the 2010 IEEE Symposium on Security and Privacy}",
	publisher = "IEEE Computer Society",
	series = "{SP '10}",
	title = "{Noninterference through Secure Multi-execution}",
	year = "2010"
}

@inproceedings{Kashyap:2011,
	author = "Kashyap, V. and Wiedermann, B. and Hardekopf, B.",
	booktitle = "{Proc. of IEEE Symposium on Sec. and Privacy}",
	publisher = "IEEE",
	title = "{Timing- and Termination-Sensitive Secure Information Flow: Exploring a New Approach}",
	year = "2011"
}

@inproceedings{BartheRRS07,
	author = "Barthe, G. and Rezk, T. and Russo, A. and Sabelfeld, A.",
	booktitle = ESORICS,
	month = sep,
	pages = "2--18",
	title = "{Security of Multithreaded Programs by Compilation}",
	year = 2007
}

@inproceedings{Russo+:Haskell08,
	author = "Russo, A. and Claessen, K. and Hughes, J.",
	booktitle = "Proc. {ACM} {SIGPLAN} symposium on {H}askell ({HASKELL '08})",
	month = sep,
	publisher = "ACM",
	title = "A library for light-weight information-flow security in {H}askell",
	year = 2008
}

@inproceedings{Epstein:2011,
	author = "Epstein, Jeff and Black, Andrew P. and Peyton-Jones, Simon",
	booktitle = "{Proc. of the 4th ACM symposium on {H}askell}",
	publisher = "ACM",
	title = "{Towards {H}askell in the cloud}",
	year = "2011"
}

@inproceedings{Zhang:2012,
	author = "Zhang, Danfeng and Askarov, Aslan and Myers, Andrew C.",
	booktitle = PLDI,
	publisher = "ACM",
	title = "{Language-based Control and Mitigation of Timing Channels}",
	year = "2012"
}

@inproceedings{Mantel:2006:CDP,
	author = "Mantel, Heiko and Sudbrock, Henning and Krausser, Tina",
	booktitle = "{Proc. of the 16th international conference on Logic-based program synthesis and transformation}",
	publisher = "Springer-Verlag",
	series = "{LOPSTR'06}",
	title = "{Combining different proof techniques for verifying information flow security}",
	year = "2007"
}

@inproceedings{Guernic:2007:ACM,
	author = "Le Guernic, Gurvan",
	booktitle = "{Proc. of the 20th IEEE Computer Security Foundations Symposium}",
	publisher = "IEEE Computer Society",
	series = "{CSF '07}",
	title = "{Automaton-based Confidentiality Monitoring of Concurrent Programs}",
	year = "2007"
}

@article{Mcilroy92multilevelsecurity,
	author = "Mcilroy, M. D. and Reeds, J. A.",
	journal = "Software---Practice and Experience",
	pages = "673--694",
	title = "{Multilevel Security in the UNIX Tradition}",
	volume = "22",
	year = "1992"
}

@inproceedings{Efstathopoulos:2005,
	author = "Efstathopoulos, Petros and Krohn, Maxwell and VanDeBogart, Steve and Frey, Cliff and Ziegler, David and Kohler, Eddie and Mazi{\`e}res, David and Kaashoek, Frans and Morris, Robert",
	booktitle = "{Proc. of the twentieth ACM symp. on Operating systems principles}",
	publisher = "ACM",
	series = "{SOSP '05}",
	title = "{Labels and event processes in the asbestos operating system}",
	year = "2005"
}

@inproceedings{Zeldovich:2006,
	author = "Zeldovich, Nickolai and Boyd-Wickizer, Silas and Kohler, Eddie and Mazi{\`e}res, David",
	booktitle = "{Proc. of the 7th USENIX Symp. on Operating Systems Design and Implementation}",
	publisher = "USENIX",
	title = "{Making information flow explicit in HiStar}",
	year = "2006"
}

@inproceedings{Honda:2000:SIF,
	author = "Honda, Kohei and Vasconcelos, Vasco Thudichum and Yoshida, Nobuko",
	booktitle = "{Proc. of the 9th European Symposium on Programming Languages and Systems}",
	publisher = "Springer-Verlag",
	title = "{Secure Information Flow as Typed Process Behaviour}",
	year = "2000"
}

@article{Honda:2007:POPL,
	author = "Honda, Kohei and Yoshida, Nobuko",
	issue_date = "October 2007",
	journal = "ACM Trans. Program. Lang. Syst.",
	month = oct,
	publisher = "ACM",
	title = "{A uniform type structure for secure information flow}",
	year = "2007"
}

@inproceedings{Pottier02asimple,
	author = "Pottier, Fran\c{c}ois",
	booktitle = "{In Proc. of the 15th IEEE Computer Security Foundations Workshop}",
	pages = "320--330",
	title = "{A Simple View of Type-Secure Information Flow in the $\pi$-Calculus}",
	year = "2002"
}

@article{Kobayashi:2005:TIF,
	author = "Kobayashi, Naoki",
	issue_date = "December 2005",
	journal = "Acta Inf.",
	month = dec,
	number = "4",
	publisher = "Springer-Verlag New York, Inc.",
	title = "{Type-based information flow analysis for the $\pi$-calculus}",
	volume = "42",
	year = "2005"
}

@article{Hennessy:2002:IFV,
	author = "Hennessy, Matthew and Riely, James",
	issue_date = "September 2002",
	journal = "ACM Trans. Program. Lang. Syst.",
	month = sep,
	number = "5",
	publisher = "ACM",
	title = "{Information flow vs. resource access in the asynchronous pi-calculus}",
	volume = "24",
	year = "2002"
}

@inproceedings{Louw:2010,
	address = "Berkeley, CA, USA",
	author = "Louw, Mike Ter and Ganesh, Karthik Thotta and Venkatakrishnan, V. N.",
	booktitle = "{Proceedings of the 19th {USENIX} conference on Security}",
	publisher = "{USENIX} Association",
	series = "{USENIX Security'10}",
	title = "{Ad{J}ail: practical enforcement of confidentiality and integrity policies on web advertisements}",
	year = "2010"
}

@inproceedings{DBLP:conf/csfw/HedinS12,
	author = "Hedin, Daniel and Sabelfeld, Andrei",
	booktitle = CSF,
	publisher = "IEEE Computer Society",
	title = "{Information-Flow Security for a Core of {J}ava{S}cript}",
	year = "2012"
}

@inproceedings{Magazinius:2010:LAM:1755688.1755691,
	author = "Magazinius, Jonas and Askarov, Aslan and Sabelfeld, Andrei",
	booktitle = "{Proceedings of the 5th ACM Symposium on Information, Computer and Communications Security}",
	publisher = "ACM",
	series = "{ASIACCS '10}",
	title = "{A lattice-based approach to mashup security}",
	year = "2010"
}

@inproceedings{Bohannon:2009:RN:1653662.1653673,
	author = "Bohannon, Aaron and Pierce, Benjamin C. and Sj{\"o}berg, Vilhelm and Weirich, Stephanie and Zdancewic, Steve",
	booktitle = "{Proceedings of the 16th ACM Conference on Computer and Communications Security}",
	publisher = "ACM",
	series = "{CCS '09}",
	title = "{Reactive noninterference}",
	year = 2009
}

@inproceedings{Jang:2010:ESP:1866307.1866339,
	author = "Jang, Dongseok and Jhala, Ranjit and Lerner, Sorin and Shacham, Hovav",
	booktitle = "{Proceedings of the 17th ACM conference on Computer and communications security}",
	publisher = "ACM",
	series = "{CCS '10}",
	title = "{An empirical study of privacy-violating information flows in {J}ava{S}cript web applications}",
	year = 2010
}

@inproceedings{Vogt+:NDSS07,
	author = "Vogt, P. and Nentwich, F. and Jovanovic, N. and Kirda, E. and Kruegel, C. and Vigna, G.",
	booktitle = NDSS,
	month = feb,
	title = "{Cross-Site Scripting Prevention with Dynamic Data Tainting and Static Analysis}",
	year = 2007
}

@misc{OWASP:Top10:2010,
	author = "Williams and Wichers, D.",
	howpublished = "\url{http://www.owasp.org/index.php/Top\_10\_2010}",
	title = "{{OWASP Top} 10 2010}",
	year = 2010
}

@article{Schneider:2000:ESP,
	author = "Schneider, Fred B.",
	issue_date = "February 2000",
	journal = "ACM Trans. Information Systems Security",
	publisher = "ACM",
	title = "Enforceable security policies",
	year = "2000"
}


@inproceedings{DeGroef:2012:FWB:2382196.2382275,
	author = "{De Groef}, Willem and Devriese, Dominique and Nikiforakis, Nick and Piessens, Frank",
	booktitle = "{Proceedings of the 2012 ACM conference on Computer and communications security}",
	publisher = "ACM",
	series = "{CCS '12}",
	title = "{Flow{F}ox: a web browser with flexible and precise information flow control}",
	year = 2012
}

@inproceedings{KULeuven-350547,
	author = "Barthe, Gilles and Crespo, Juan Manuel and Devriese, Dominique and Piessens, Frank and Rivas, Exequiel",
	booktitle = "{Formal Techniques for Distributed Systems (FMOODS/FORTE 2012)}",
	month = "June",
	title = "{Secure multi-execution through static program transformation}",
	year = "2012"
}

@inproceedings{Austin:2012:MFD:2103621.2103677,
	author = "Austin, Thomas H. and Flanagan, Cormac",
	booktitle = "{Proceedings of the 39th annual ACM SIGPLAN-SIGACT symposium on Principles of programming languages}",
	publisher = "ACM",
	series = "{POPL '12}",
	title = "{Multiple facets for dynamic information flow}",
	year = "2012"
}

@inproceedings{McLean:1994:GTC:882490.884224,
	author = "McLean, John",
	booktitle = "{Proceedings of the 1994 IEEE Symposium on Security and Privacy}",
	publisher = "IEEE Computer Society",
	series = "{SP '94}",
	title = "{A General Theory of Composition for Trace Sets Closed under Selective Interleaving Functions}",
	year = "1994"
}

@article{Hamlen:2006:CCE,
	author = "Hamlen, Kevin W. and Morrisett, Greg and Schneider, Fred B.",
	issue_date = "January 2006",
	journal = "ACM Trans. Program. Lang. Syst.",
	month = jan,
	publisher = "ACM",
	title = "{Computability classes for enforcement mechanisms}",
	year = "2006"
}

@article{ligatti+:editauto,
	author = "Ligatti, Jay and Bauer, Lujo and Walker, David",
	journal = "International Journal of Information Security",
	month = feb,
	publisher = "Springer-Verlag",
	title = "{Edit Automata: Enforcement Mechanisms for Run-time Security Policies}",
	year = "2005"
}

@inproceedings{Barthe:2004:SIF,
	author = "Barthe, Gilles and D'Argenio, Pedro R. and Rezk, Tamara",
	booktitle = "{Proceedings of the 17th IEEE workshop on Computer Security Foundations}",
	publisher = "IEEE Computer Society",
	series = "{CSFW '04}",
	title = "{Secure Information Flow by Self-Composition}",
	year = "2004"
}

@inproceedings{Terauchi:2005:SIF,
	author = "Terauchi, Tachio and Aiken, Alex",
	booktitle = "{Proceedings of the 12th international conference on Static Analysis}",
	publisher = "Springer-Verlag",
	series = "{SAS'05}",
	title = "{Secure information flow as a safety problem}",
	year = "2005"
}

@inproceedings{Darvas:2005:TPA:2154040.2154072,
	author = "Darvas, {\'A}d{\'a}m and H{\"a}hnle, Reiner and Sands, David",
	booktitle = "{Proceedings of the Second international conference on Security in Pervasive Computing}",
	publisher = "Springer-Verlag",
	series = "{SPC'05}",
	title = "{A theorem proving approach to analysis of secure information flow}",
	year = "2005"
}

@inproceedings{Austin:Flanagan:PLAS09,
	author = "Austin, T. H. and Flanagan, C.",
	booktitle = "{Proc. ACM Workshop on Programming Languages and Analysis for Security (PLAS)}",
	month = jun,
	title = "{Efficient Purely-Dynamic Information Flow Analysis}",
	year = 2009
}

@inproceedings{Askarov:2009,
	address = "Washington, DC, USA",
	author = "Askarov, Aslan and Sabelfeld, Andrei",
	booktitle = "{Proc. of the IEEE Computer Security Foundations Symposium}",
	publisher = "IEEE Computer Society",
	title = "{Tight Enforcement of Information-Release Policies for Dynamic Languages}",
	year = "2009"
}

@inproceedings{Russo:Sabelfeld:CSF09,
	author = "Russo, A. and Sabelfeld, A.",
	booktitle = CSF,
	month = jul,
	publisher = "IEEE Computer Society",
	title = "{Securing Timeout Instructions in Web Applications}",
	year = 2009
}

@inproceedings{Austin:Flanagan:PLAS10,
	author = "Austin, Thomas H. and Flanagan, Cormac",
	booktitle = "{Proceedings of the 5th ACM SIGPLAN Workshop on Programming Languages and Analysis for Security}",
	publisher = "ACM",
	series = "{PLAS '10}",
	title = "{Permissive dynamic information flow analysis}",
	year = "2010"
}

@inproceedings{Jackson:2006:PBS,
	author = "Jackson, Collin and Bortz, Andrew and Boneh, Dan and Mitchell, John C.",
	booktitle = "{Proceedings of the 15th international conference on World Wide Web}",
	publisher = "ACM",
	series = "{WWW '06}",
	title = "{Protecting browser state from web privacy attacks}",
	year = 2006
}

@inproceedings{swierstra-altenkirch:beast,
	author = "Swierstra, Wouter and Altenkirch, Thorsten",
	booktitle = "{Haskell '07: Proceedings of the ACM SIGPLAN Workshop on Haskell}",
	location = "Freiburg, Germany",
	pages = "25--36",
	title = "{Beauty in the Beast: A Functional Semantics of the Awkward Squad}",
	year = "2007"
}

@phdthesis{swierstra:thesis,
	author = "Swierstra, Wouter",
	month = "November",
	school = "University of Nottingham",
	title = "{A Functional Specification of Effects}",
	year = "2008"
}

@article{jacobs-tutorial,
	author = "Jacobs, Bart and Rutten, Jan",
	journal = "{Bulletin of the European Association for Theoretical Computer Science}",
	pages = "222--259",
	title = "{A Tutorial on (Co)Algebras and (Co)Induction}",
	volume = 62,
	year = 1997
}

@inproceedings{Biel-etal-11-TR,
	author = "Bielova, Nataliia and Devriese, Dominique and Massacci, Fabio and Piessens, Frank",
	booktitle = "{Proceedings of the 5th International Conference on Network and System Security (NSS 2011),}",
	month = sep,
	title = "{Reactive non-interference for a browser model}",
	year = "2011"
}

@inproceedings{Rafnsson:2011,
	author = "Rafnsson, Willard and Sabelfeld, Andrei",
	booktitle = "{Proceedings of the ACM SIGPLAN 6th Workshop on Programming Languages and Analysis for Security}",
	isbn = "978-1-4503-0830-4",
	publisher = "ACM",
	series = "{PLAS '11}",
	title = "{Limiting information leakage in event-based communication}",
	year = "2011"
}

@inproceedings{DBLP:conf/sec/MagaziniusRS10,
	author = "Magazinius, Jonas and Russo, Alejandro and Sabelfeld, Andrei",
	booktitle = "{Proceedings of the International Information Security Conference}",
	series = "{SEC}",
	title = "{On-the-fly Inlining of Dynamic Security Monitors}",
	year = "2010"
}

@misc{csf-ext,
	author = "Zanarini, Dante and Jaskelioff, Mauro and Russo, Alejandro",
	note = "Available at \url{http://www.fceia.unr.edu.ar/~dante}",
	title = "{Precise Enforcement of Confidentiality for Reactive Systems: Extended Version}",
	year = "2013"
}

@inproceedings{Bohannon:2010:FFF:1863166.1863177,
	author = "Bohannon, Aaron and Pierce, Benjamin C.",
	booktitle = "{Proceedings of the 2010 USENIX conference on Web application development}",
	publisher = "USENIX Association",
	series = "{WebApps'10}",
	title = "{Featherweight {F}irefox: formalizing the core of a web browser}",
	year = "2010"
}

@inproceedings{Capizzi:2008,
	author = "Capizzi, Roberto and Longo, Antonio and Venkatakrishnan, V. N. and Sistla, A. Prasad",
	booktitle = "{Proceedings of the 2008 Annual Computer Security Applications Conference}",
	publisher = "IEEE Computer Society",
	series = "{ACSAC '08}",
	title = "{Preventing Information Leaks through Shadow Executions}",
	year = "2008"
}

@inproceedings{Cristia:2009,
	author = "Cristi{\'a}, Maximiliano and Mata, Pablo",
	booktitle = "{Workshop de Seguridad Inform{\'a}tica WSEGI 2009, Argentina}",
	series = "{38 JAIIO}",
	title = "{Runtime Enforcement of Noninterference by Duplicating Processes and their Memories}",
	year = "2009"
}

@inproceedings{Askarov:2008,
	author = "Askarov, A. and Hunt, S. and Sabelfeld, A. and Sands, D.",
	booktitle = "Proc. of the {E}uropean Symposium on Research in Computer Security ({ESORICS '08})",
	publisher = "Springer-Verlag",
	title = "Termination-Insensitive Noninterference Leaks More Than Just a Bit ",
	year = 2008
}

@inproceedings{hancockSetzer:InteractivePrograms:CSL2000,
	author = "Hancock, Peter and Setzer, Anton",
	booktitle = "{Computer Science Logic. 14th international workshop, CSL 2000}",
	editor = "Clote, P. and Schwichtenberg, H.",
	pages = "317 -- 331",
	series = "{Springer Lecture Notes in Computer Science, Vol. 1862}",
	title = "{Interactive programs in dependent type theory}",
	year = "2000"
}

@inproceedings{DBLP:conf/csfw/RafnssonHS12,
	author = "Rafnsson, Willard and Hedin, Daniel and Sabelfeld, Andrei",
	booktitle = CSF,
	publisher = "IEEE Computer Society",
	title = "{Securing Interactive Programs}",
	year = 2012
}

@inproceedings{Shroff:2007,
	author = "Shroff, Paritosh and Smith, Scott and Thober, Mark",
	booktitle = "{Proceedings of the 20th IEEE Computer Security Foundations Symposium}",
	publisher = "IEEE Computer Society",
	series = "{CSF '07}",
	title = "{Dynamic Dependency Monitoring to Secure Information Flow}",
	year = "2007"
}

@article{Denning:Denning:Certification,
	author = "Denning, D. E. and Denning, P. J.",
	journal = {Communications of the  {ACM}},
	month = jul,
	number = 7,
	pages = "504--513",
	title = "Certification of Programs for Secure Information Flow",
	volume = 20,
	year = 1977
}

@article{Volpano:Smith:Irvine:Sound,
	author = "Volpano, D. and Smith, G. and Irvine, C.",
	journal = JCS,
	number = 3,
	pages = "167--187",
	title = "{A Sound Type System for Secure Flow Analysis}",
	volume = 4,
	year = 1996
}

@article{Sabelfeld:Myers:JSAC,
	author = "Sabelfeld, A. and Myers, A. C.",
	journal = "IEEE J. Selected Areas in Communications",
	month = jan,
	number = 1,
	pages = "5--19",
	title = "{Language-Based Information-Flow Security}",
	volume = 21,
	year = 2003
}

@inproceedings{Sabelfeld:Sands:CSFW05,
	author = "Sabelfeld, A. and Sands, D.",
	booktitle = "Proc. {IEEE} Computer Security Foundations Workshop ({CSFW '05})",
	title = "{Dimensions and Principles of Declassification}",
	year = 2005
}

@inproceedings{Sabelfeld:Myers:ISSS03,
	author = "Sabelfeld, A. and Myers, A. C.",
	booktitle = "{Proc. International Symp. on Software Security (ISSS'03)}",
	month = oct,
	pages = "174--191",
	publisher = SV,
	series = LNCS,
	title = "{A Model for Delimited Information Release}",
	volume = 3233,
	year = 2004
}

@unpublished{Rafnson:2013,
	author = "Rafnsson, Willard and Sabelfeld, Andrei",
	month = feb,
	note = "Submitted",
	title = "{Secure multi-execution: fine-grained, declassification-aware, and transparent}",
	year = 2013
}

@InProceedings{DHS03,
  author = 	 {A. Darvas and R. H\"{a}hnle and David Sands},
title = 	 {A Theorem Proving Approach to Analysis of Secure Information
  Flow (preliminary version)},
  booktitle =	 {Workshop on Issues in the Theory of Security, WITS},
  year =	 {2003},
  editor =	 {Roberto Gorrieri},
}


@inproceedings{hedin2014jsflow,
	author = "Hedin, D. and Birgisson, A. and Bello, L. and Sabelfeld, A.",
	booktitle = {Proc. of the {ACM} Symposium on Applied Computing {(SAC '14)}},
	publisher = "ACM",
	title = "{JSFlow}: Tracking information flow in {J}ava{S}cript and its {API}s",
        month = mar,
	year = "2014"
}


@inproceedings{Enck:2010,
 author = {Enck, William and Gilbert, Peter and Chun, Byung-Gon and Cox, Landon P. and Jung, Jaeyeon and McDaniel, Patrick and Sheth, Anmol N.},
 title = {TaintDroid: An Information-flow Tracking System for Realtime Privacy Monitoring on Smartphones},
 booktitle = {Proceedings of the 9th USENIX Conference on Operating Systems Design and Implementation},
 series = {OSDI'10},
 year = {2010},
 publisher = {USENIX Association},
}
@inproceedings{android:esorics13,
  title =        {Run-Time Enforcement of Information-Flow Properties on {A}ndroid (Extended Abstract)},
  author =       {Limin Jia and Jassim Aljuraidan and Elli Fragkaki and Lujo Bauer and Michael Stroucken and Kazuhide Fukushima and Shinsaku Kiyomoto and Yutaka Miyake},
  booktitle =    {Computer Security---ESORICS 2013: 18th European Symposium on Research in Computer Security},
  year =         {2013},
  month =        sep,
  publisher =    {Springer},
}

@inproceedings{Stefan:2011,
 author = {Stefan, D. and Russo, A. and Mazi\`{e}res, D. and Mitchell, J. C.},
 title = {Disjunction Category Labels},
 booktitle = "Proc. of the {N}ordic Conference on Information Security Technology for Applications ({NORDSEC '11})",
 year = {2011},
 publisher = {Springer-Verlag},
}

@inproceedings{10.1109/SP.2013.10,
author = {Hritcu, C. and Greenberg, M. and Karel, B. and Peirce, B. C. and Morrisett, G.},
title = {All Your {IFC}Exception Are Belong to Us},
booktitle ="Proc. of the {IEEE} Symposium on Security and Privacy",
year = {2013},
publisher = {IEEE Computer Society},
}


@inproceedings{BonelliCM05,
  author = {Bonelli, Eduardo and Compagnoni, Adriana B. and Medel, Ricardo},
  booktitle = {CASSIS},
  year = 2006,
  editor = {Barthe, Gilles and Grégoire, Benjamin and Huisman, Marieke and Lanet, Jean-Louis},
  pages = {37-56}
}
@article{seL4IF,
author = {Toby Murray and Daniel Matichuk and Matthew Brassil and Peter Gammie and Timothy Bourke and Sean Seefried and Corey Lewis and Xin Gao and Gerwin Klein},
title = {seL4: From General Purpose to a Proof of Information Flow Enforcement},
journal ={2012 IEEE Symposium on Security and Privacy},
volume = {0},
year = {2013},
publisher = {IEEE Computer Society},
}

@INPROCEEDINGS{Krohn,
author={Krohn, M. and Tromer, E.},
booktitle={Security and Privacy, 2009 30th IEEE Symposium on},
title={Noninterference for a Practical DIFC-Based Operating System},
year={2009},
month={May},
}

@inproceedings{Amtoft:2006,
 author = {Amtoft, Torben and Bandhakavi, Sruthi and Banerjee, Anindya},
 title = {A Logic for Information Flow in Object-oriented Programs},
 booktitle = {Conference Record of the 33rd ACM SIGPLAN-SIGACT Symposium on Principles of Programming Languages},
 series = {POPL '06},
 year = {2006},
 publisher = {ACM},
}

@inproceedings{Nanevski:2011,
 author = {Nanevski, Aleksandar and Banerjee, Anindya and Garg, Deepak},
 title = {Verification of Information Flow and Access Control Policies with Dependent Types},
 booktitle = {Proceedings of the 2011 IEEE Symposium on Security and Privacy},
 series = {SP '11},
 year = {2011},
 publisher = {IEEE Computer Society},
}

@inproceedings{Russo:2009,
 author = {Russo, Alejandro and Sabelfeld, Andrei and Chudnov, Andrey},
 title = {Tracking Information Flow in Dynamic Tree Structures},
 booktitle = {Proceedings of the 14th European Conference on Research in Computer Security},
 series = {ESORICS'09},
 year = {2009},
 publisher = {Springer-Verlag},
}

@inproceedings{Arnar2012,
  author    = {Arnar Birgisson and
               Daniel Hedin and
               Andrei Sabelfeld},
  title     = {Boosting the Permissiveness of Dynamic Information-Flow
               Tracking by Testing},
  booktitle = ESORICS,
  year      = {2012},
}

@inproceedings{LeGuernic:2006,
 author = {Le Guernic, Gurvan and Banerjee, Anindya and Jensen, Thomas and Schmidt, David A.},
 title = {Automata-based Confidentiality Monitoring},
 booktitle = {Proceedings of the 11th Asian Computing Science Conference on Advances in Computer Science: Secure Software and Related Issues},
 series = {ASIAN'06},
 year = {2006},
 publisher = {Springer-Verlag},
}
@article{felleisen1992revised,
  title={The revised report on the syntactic theories of sequential control and state},
  author={Felleisen, Matthias and Hieb, Robert},
  journal={Theoretical computer science},
  volume={103},
  number={2},
  pages={235--271},
  year={1992},
  publisher={Elsevier}
}

@inproceedings{Volpano:SAS99,
  author =	 "D. Volpano",
  title =	 "Safety versus Secrecy",
  year =	 1999,
  pages =	 "303--311",
  booktitle =	 SAS,
  volume =	 1694,
  series =	 LNCS,
  month =	 sep,
  publisher =	 SV
}

@inproceedings{LeGuernic+:ASIAN06,
  author = "G. {Le Guernic} and Anindya Banerjee and Thomas Jensen and David Schmidt",
  booktitle = "Proc. Asian Computing Science Conference (ASIAN'06)",
  title = "Automata-based Confidentiality Monitoring",
  OPTyear =	 2,
  OPTmonth =	 nov,
  volume =	 4435,
  series =	 LNCS,
  OPTpages = "129--145",
  publisher =	 SV,
  year = 2006
}

@INPROCEEDINGS{Shroff+:CSF07,
  author = "P. Shroff and  S. Smith and M. Thober",
  title = "Dynamic Dependency Monitoring to Secure Information Flow",
 booktitle=CSF,
 year=2007,
 month=jul,
 pages="203--217"
}

@INPROCEEDINGS{LeGuernic:CSF07,
  author = "G. {Le Guernic}",
  title = "Automaton-based Confidentiality Monitoring of
                  Concurrent Programs",
 booktitle=CSF,
 year=2007,
 month=jul,
 pages="218--232"
}


@INPROCEEDINGS{766906,
author={Millen, J.},
booktitle={Security and Privacy, 1999. Proceedings of the 1999 IEEE Symposium on},
title={20 years of covert channel modeling and analysis},
year={1999}, }

@inproceedings{Percival05cachemissing,
    author = {Colin Percival},
    title = {Cache missing for fun and profit},
    booktitle = {Proc. of BSDCan 2005},
    year = {2005}
}

@inproceedings{Osvik:2006:CAC,
 author = {Osvik, Dag Arne and Shamir, Adi and Tromer, Eran},
 title = {Cache attacks and countermeasures: the case of {AES}},
 booktitle = {Proceedings of the 2006 The Cryptographers' Track at the RSA conference on Topics in Cryptology},
 series = {CT-RSA'06},
 year = {2006},
 publisher = {Springer-Verlag},
}

@article{Page05,
  author    = {Dan Page},
  title     = {Partitioned Cache Architecture as a Side-Channel Defence
               Mechanism},
  journal   = {IACR Cryptology ePrint Archive},
  year      = {2005},
}

@inproceedings{vantage:2011,
 title = {Vantage: Scalable and Efficient Fine-Grain Cache Partitioning},
 author = {Daniel Sanchez and Christos Kozyrakis},
 booktitle = {International Symposium on Computer Architecture},
 year = {2011},
 organization = {ACM IEEE}
}

@inproceedings{conf/aplas/BrobergDS13,
   author = {Broberg, Niklas and van Delft, Bart and Sands, David},
   booktitle = {APLAS},
   pages = {217-232},
  publisher = {Springer},
  series = {Lecture Notes in Computer Science},
   title = {Paragon for Practical Programming with Information-Flow Control.},
   volume = 8301,
  year = 2013
}

@inproceedings{Buiras2013,
  author    = {Pablo Buiras and
               Alejandro Russo},
  title     = {Lazy Programs Leak Secrets},
  booktitle = NORDSEC,
  year      = {2013},
  publisher = SV,
}




@inproceedings{DBLP:conf/esorics/StefanBYLTRM13,
  author    = {Pablo Buiras and Deian Stefan and
               Amit Levy and Alejandro Russo and
               David Mazi{\`e}res},
  title     = {A library for removing cache-based attacks in concurrent information-flow systems},
  booktitle = {International Symposium on Trustworthy Global Computing ({TGC})},
  year      = {2013},
}

@INPROCEEDINGS{6595817,
author={Montagu, B. and Pierce, B.C. and Pollack, R.},
booktitle={Computer Security Foundations Symposium (CSF), 2013 IEEE 26th},
title={A Theory of Information-Flow Labels},
year={2013},
month={June},
}


@inproceedings{Liu:2009:FPS:1629575.1629606,
 author = {Liu, Jed and George, Michael D. and Vikram, K. and Qi, Xin and Waye, Lucas and Myers, Andrew C.},
 title = {Fabric: A Platform for Secure Distributed Computation and Storage},
 booktitle = {Proc. of the ACM SIGOPS Symposium on Operating Systems Principles},
 year = {2009},
 publisher = {ACM},
}

@inproceedings{Bello:2012:TTM:2336717.2336724,
 author = {Bello, Luciano and Russo, Alejandro},
 title = {Towards a Taint Mode for Cloud Computing Web Applications},
 booktitle = {Proceedings of the 7th Workshop on Programming Languages and Analysis for Security},
 series = {PLAS '12},
 year = {2012},
 publisher = {ACM},
}


@article{Lunt:1990:SSM:79215.79219,
 author = {Lunt, T. F. and Denning, D. E. and Schell, R. R. and Heckman, M. and Shockley, W. R.},
 title = {The SeaView Security Model},
 journal = {IEEE Trans. Softw. Eng.},
 issue_date = {June 1990},
 volume = {16},
 number = {6},
 month = jun,
 year = {1990},
 publisher = {IEEE Press},
}

@inproceedings{DBLP:conf/eurosys/SchultzL13,
  author    = {David A. Schultz and
               Barbara Liskov},
  title     = {{IFDB}: decentralized information flow control for databases},
  booktitle = {EuroSys},
  year      = {2013},
  publisher = {ACM}
}

@inproceedings{APEFS,
year={2012},
booktitle={Security and Privacy in Mobile Information and Communication Systems},
volume={107},
series={Lecture Notes of the Institute for Computer Sciences, Social Informatics and Telecommunications Engineering},
editor={Schmidt, AndreasU. and Russello, Giovanni and Krontiris, Ioannis and Lian, Shiguo},
title={APEFS: An Infrastructure for Permission-Based Filtering of Android Apps},
publisher={Springer Berlin Heidelberg},
author={Meurer, Simon and Wismüller, Roland},
}

@inproceedings{Enck:2010:TIT:1924943.1924971,
 author = {Enck, William and Gilbert, Peter and Chun, Byung-Gon and Cox, Landon P. and Jung, Jaeyeon and McDaniel, Patrick and Sheth, Anmol N.},
 title = {TaintDroid: An Information-flow Tracking System for Realtime Privacy Monitoring on Smartphones},
 booktitle = {Proceedings of the 9th USENIX Conference on Operating Systems Design and Implementation},
 series = {OSDI'10},
 year = {2010},
 publisher = {USENIX Association},
}

@inproceedings{Hornyack:2011:TAD:2046707.2046780,
 author = {Hornyack, Peter and Han, Seungyeop and Jung, Jaeyeon and Schechter, Stuart and Wetherall, David},
 title = {These Aren'T the Droids You'Re Looking for: Retrofitting Android to Protect Data from Imperious Applications},
 booktitle = {Proceedings of the 18th ACM Conference on Computer and Communications Security},
 series = {CCS '11},
 year = {2011},
 publisher = {ACM},
}

@inproceedings{AndroidESORICS,
year={2013},
booktitle={Computer Security – ESORICS 2013},
series={Lecture Notes in Computer Science},
editor={Crampton, Jason and Jajodia, Sushil and Mayes, Keith},
title={Run-Time Enforcement of Information-Flow Properties on Android},
publisher={Springer Berlin Heidelberg},
author={Jia, Limin and Aljuraidan, Jassim and Fragkaki, Elli and Bauer, Lujo and Stroucken, Michael and Fukushima, Kazuhide and Kiyomoto, Shinsaku and Miyake, Yutaka},
}

@inproceedings{Haldar_practical,
    author = {Vivek Haldar and Deepak Chandra and Michael Franz},
    title = {Practical, Dynamic Information-flow for Virtual Machines},
    year = {2005},
    booktitle = "Proceedings of the 2nd International Workshop on Programming
                  Language Interference and Dependence",
    publisher = SV,
    series = LNCS,
}

@inproceedings{Roy:2009,
 author = {Roy, Indrajit and Porter, Donald E. and Bond, Michael D. and McKinley, Kathryn S. and Witchel, Emmett},
 title = {Laminar: Practical Fine-grained Decentralized Information Flow Control},
 booktitle = {Proceedings of the 2009 ACM SIGPLAN Conference on Programming Language Design and Implementation},
 series = {PLDI '09},
 year = {2009},
 publisher = {ACM},
}

@inproceedings{Robschink:2002,
 author = {Robschink, Torsten and Snelting, Gregor},
 title = {Efficient Path Conditions in Dependence Graphs},
 booktitle = {Proceedings of the 24th International Conference on Software Engineering},
 series = {ICSE '02},
 year = {2002},
 publisher = {ACM},
}


@article{Dolzmann:1997,
 author = {Dolzmann, Andreas and Sturm, Thomas},
 title = {REDLOG: Computer Algebra Meets Computer Logic},
 journal = {SIGSAM Bull.},
 issue_date = {June 1997},
 volume = {31},
 number = {2},
 month = jun,
 year = {1997},
 publisher = {ACM},
}

@inproceedings{nips/HuangJYCMN10,
  author    = {Ling Huang and
               Jinzhu Jia and
               Bin Yu and
               Byung-Gon Chun and
               Petros Maniatis and
               Mayur Naik},
  title     = {Predicting Execution Time of Computer Programs Using Sparse
               Polynomial Regression},
  booktitle = {NIPS},
  year      = {2010},
  pages     = {883-891},
}

@article{Wilhelm:2008:WEP:1347375.1347389,
 author = {Wilhelm, Reinhard and Engblom, Jakob and Ermedahl, Andreas and Holsti, Niklas and Thesing, Stephan and Whalley, David and Bernat, Guillem and Ferdinand, Christian and Heckmann, Reinhold and Mitra, Tulika and Mueller, Frank and Puaut, Isabelle and Puschner, Peter and Staschulat, Jan and Stenstr\"{o}m, Per},
 title = {The Worst-case Execution-time Problem\&Mdash;Overview of Methods and Survey of Tools},
 journal = {ACM Trans. Embed. Comput. Syst.},
 volume = {7},
 number = {3},
 month = may,
 year = {2008},
 publisher = {ACM},
}


@inproceedings{stefan:2013:eliminating,
  title        = {Eliminating Cache-based Timing Attacks with
                  Instruction-based Scheduling},
  author       = {Stefan, D. and
                  Buiras, P. and
                  Yang, E. Z. and
                  Levy, A. and
                  Terei, D. and
                  Russo, A. and
                  Mazi\`eres, D.},
  series =	 LNCS,
  publisher =	 SV,
  booktitle    = ESORICS,
  year         = {2013},
}

@inproceedings{Myers:POPL99,
  author =	 "A. C. Myers",
  title =	 "{JF}low: Practical Mostly-Static Information Flow
                  Control",
  booktitle =	 POPL,
  year =	 1999,
  month =	 jan,
  pages =	 "228--241"
}

@INPROCEEDINGS{Chong07sif:enforcing,
    author = {S. Chong and K. Vikram and A. C. Myers},
    title = {SIF: Enforcing confidentiality and integrity in Web applications},
    booktitle = {In Proc. 16th USENIX Security},
    year = {2007}
}

@inproceedings{Swift,
 author = {S. Chong  and J. Liu and A. C. Myers and X. Qi and K. Vikram and L. Zheng and X. Zheng},
 title = {Secure web applications via automatic partitioning},
 booktitle = {{P}roc. of ACM {S}ymposium on {O}perating {S}ystems {P}rinciples},
 year = 2007,
 publisher = {ACM},
 }


@inproceedings{LiCSF07,
 author = {P. Li and S. Zdancewic},
 title = {Encoding Information Flow in {H}askell},
 booktitle = {Proc. of the IEEE Workshop on Computer Security Foundations},
 year = {2006},
 publisher = {IEEE Computer Society},
 }

@inproceedings{juanjo,
  author    = {Juan Jos{\'e} Conti and
               Alejandro Russo},
  title     = {A Taint Mode for {P}ython via a Library},
  booktitle = {Nordic Conference on Secure IT Systems, NordSec 2010},
  publisher = {Springer},
  series    = {Lecture Notes in Computer Science},
  year      = {2010},
}

@inproceedings{Broberg:2010,
 author = {Broberg, N. and Sands, D.},
 title = {Paralocks: Role-based Information Flow Control and Beyond},
 booktitle = "Proc. of the {ACM} {SIGPLAN-SIGACT} symposium on Principles of Programming Languages ({POPL '10})",
 year = {2010},
 location = {Madrid, Spain},
 publisher = {ACM},
}


@inproceedings{conf/sp/MyersL98,
  author = {Myers, A. C. and Liskov, B.},
  booktitle = {Proc. of the {IEEE} symposium on Security and Privacy},
  publisher = {{IEEE} Computer Society},
  title = {Complete, Safe Information Flow with Decentralized Labels.},
  year = 1998
}

@InProceedings{AskarovC12,
  author = 	 {Aslan Askarov and Stephen Chong},
  title = 	 {Learning is Change in Knowledge: Knowledge-based Security for Dynamic Policies},
  booktitle =	 {Proc. of the {IEEE} Computer Security Foundations Symposium},
  year = 	 2012,
  month = 	 jun,
  publisher =    {IEEE Press},
}


@inproceedings{Marlow:2011,
 author = {Marlow, Simon and Newton, Ryan and Peyton Jones, Simon},
 title = {A Monad for Deterministic Parallelism},
 booktitle = {Proceedings of the 4th ACM Symposium on Haskell},
 series = {Haskell '11},
 year = {2011},
 publisher = {ACM},
}

@inproceedings{DeGroef:2012,
 author = {De Groef, Willem and Devriese, Dominique and Nikiforakis, Nick and Piessens, Frank},
 title = {FlowFox: a web browser with flexible and precise information flow control},
 booktitle = {Proceedings of the 2012 ACM conference on Computer and communications security},
 series = {CCS '12},
 year = {2012},
 publisher = {ACM},
 address = {New York, NY, USA},
}


@Techreport{ConDOM,
	title = "Integrity Considerations for Secure Computer Systems",
	author = "Christoph Kerschbaumer and Eric Hennigan and Stephan Brunthaler and Per Larsen and Michael Franz",
	year = 2012,
	number = "12-01",
	institution = "Dept. of Information and Computer Science, Univ. of California Irvine",
}

@inproceedings{Palka11,
author= {Pa{\l}ka, M. and Claessen, K. and Russo, A. and Hughes, J.},
title={Testing and Optimising Compiler by Generating Random Lambda Terms},
booktitle = {The {IEEE/ACM} International Workshop on Automation of Software Test (AST 2011)},
year=2011,
}


@inproceedings{Tedesco2013,
  author = { Del Tedesco, F. and
             Russo, A. and
             Sands, D. },
  title  = "Fault-tolerant non-interference",
  booktitle = {International Symposium on Secure Software and Systems ({ESSoS})},
  year = 2013,
  publisher = SV,
  series = LNCS,
}

@article{BartheRRS07J,
  author    = {G. Barthe and
               T. Rezk and
               A. Russo and
               A. Sabelfeld},
  title     = {Security of Multithreaded Programs by Compilation},
  year      = 2009,
  month     = aug,
  journal = {Special issue of ACM Transactions on Information and System
  Security (TISSEC)},
  publisher = {ACM Press},
}


@inproceedings{ZanariniJR13,
  author = {Zanarini, Dante and Jaskelioff, Mauro and Russo, Alejandro},
  booktitle = CSF,
  pages = {18-32},
  publisher = {IEEE},
  title = {Precise Enforcement of Confidentiality for Reactive Systems.},
  year = 2013
}

@InProceedings{DelignatBM13,
  author    = {Karthikeyan Bhargavan and Antoine Delignat-Lavaud and Sergio Maffeis},
  title     = {Language-Based Defenses Against Untrusted Browser Origins},
  booktitle = {Proceedings of the 22th USENIX Security Symposium},
  year      = {2013}
}


@inproceedings{Mathiasen:2011:ESI:1978942.1979283,
 author = {Mathiasen, Niels Raabjerg and B{\o}dker, Susanne},
 title = {Experiencing Security in Interaction Design},
 booktitle = {Proc. of the {SIGCHI} Conference on Human Factors in Computing Systems},
 year = {2011},
 publisher = {ACM},
}




@inproceedings{Yip:2009:PBS,
 author = {Yip, Alexander and Narula, Neha and Krohn, Maxwell and Morris, Robert},
 title = {Privacy-preserving browser-side scripting with {BFlow}},
 booktitle = {EuroSys},
 year = {2009},
}

@inproceedings{Akhawe2013,
  year=2013,
  booktitle={{ESORICS}},
  title={Data-Confined {HTML5} Applications},
  author={Akhawe, Devdatta and Li, Frank and He, Warren and Saxena, Prateek and Song, Dawn},
}

@inproceedings {COWL,
  title      = {Protecting Users by Confining {JavaScript} with {COWL}},
  author     = {Deian Stefan and
                Edward Z. Yang and
                Petr Marchenko and
                Alejandro Russo and
                Dave Herman and
                Brad Karp and
                David Mazi\`eres},
   booktitle = {11th USENIX Symposium on Operating Systems Design and
                Implementation (OSDI 14)},
   year      = {2014},
   month     = Oct,
   publisher = {USENIX Association},
}



@inproceedings{SMEDeclassify,
  author = "Vanhoef, Mathy and De Groef, Willem and Devriese, Dominique and Piessens, Frank and Rezk, Tamara",
  title = "Stateful declassification policies for event-driven programs",
  booktitle = CSF,
  publisher = "IEEE",
  month = Jul,
  year = "2014",
}

@inproceedings{Matthews:2007:OSM:1190216.1190220,
 author = {Matthews, Jacob and Findler, Robert Bruce},
 title = {Operational Semantics for Multi-language Programs},
 booktitle = {POPL},
 year = {2007},
 location = {Nice, France},
 pages = {3--10},
 numpages = {8},
 address = {New York, NY, USA},
 keywords = {interoperability, multi-language systems, operational semantics},
}

@misc{ecma,
    author = "{Ecma International}",
    title     = "{ECMAScript} Language Specification.",
    howpublished = "\url{http://www.ecma.org/}",
    year = 2014,
    month = June
}

@TechReport{bell:bell-lapadula,
  author =       {Bell, David E. and La Padula, L.},
  title =        {Secure Computer System: Unified Exposition and
                  Multics Interpretation},
  institution =  {MITRE Corporation},
  year =         1976,
  number =       {MTR-2997, Rev.~1},
  address =      {Bedford, MA},
}

@inproceedings{Swamy:2011,
 author = {Swamy, N. and Guts, N. and Leijen, D. and Hicks, M.},
 title = "Lightweight Monadic Programming in {ML}",
 booktitle = "Proc. of the {ACM SIGPLAN} International conference on functional programming ({ICFP '11})",
 year = {2011},
 publisher = {ACM},
}

@inproceedings{Terei:2012,
 author = {Terei, D. and Marlow, S. and Peyton Jones, S. and Mazi\`{e}res, D.},
 title = {Safe {H}askell},
 booktitle = "Proc. of the {ACM SIGPLAN} {H}askell symposium ({HASKELL '11})",
 year = {2012},
 publisher = {ACM},
}

@article{Lampson:1973,
 author = {Lampson, B. W.},
 title = {A Note on the Confinement Problem},
 journal = {Communications of the  {ACM}},
 issue_date = {Oct. 1973},
 volume = {16},
 number = {10},
 month = oct,
 year = {1973},
 publisher = {ACM},
}


@inproceedings{Vuagnoux:2009,
 author = {Vuagnoux, Martin and Pasini, Sylvain},
 title = {Compromising Electromagnetic Emanations of Wired and Wireless Keyboards},
 booktitle = {Proceedings of the 18th Conference on {USENIX} Security Symposium},
 series = {SSYM'09},
 year = {2009},
 publisher = {USENIX Association},
}

@article{KocherJJR11,
  author    = "Paul C. Kocher and
               Joshua Jaffe and
               Benjamin Jun and
               Pankaj Rohatgi",
  title     = "Introduction to differential power analysis",
  journal   = {Journal of Cryptographic Engineering},
  volume    = {1},
  number    = {1},
  year      = {2011},
}

@article{stefan:2012:arxiv-flexible,
  title="Flexible Dynamic Information Flow Control in the Presence of Exceptions",
  author={Stefan, D. and  Russo, A. and Mitchell, J. C. and Mazi\`eres, D.},
  journal={Arxiv preprint arXiv:1207.1457},
  year={2012}
}

@inproceedings{Stefan:2012,
 author = {Stefan, D. and Russo, A. and Buiras, P. and Levy, A. and Mitchell, J. C. and Mazi{\'e}res, D.},
 title = {Addressing Covert Termination and Timing Channels in Concurrent Information Flow Systems},
 booktitle = {Proc. of the  {ACM} {SIGPLAN} International Conference on Functional Programming {(ICFP '12)}},
 year = {2012},
 publisher = {ACM},
}

@inproceedings{Eisenberg:2014,
 author = {Eisenberg, R. A. and Vytiniotis, D. and Peyton Jones, S. and Weirich, S.},
 title = {Closed Type Families with Overlapping Equations},
 booktitle = "Proc. of the {ACM} {SIGPLAN-SIGACT} Symposium on Principles of Programming Languages {(POPL '14)}" ,
 year = {2014},
 publisher = {ACM},
}

@inproceedings{Buiras:2015,
 author = {Buiras, P. and Vytiniotis, D. and Russo, A.},
 title = {{HLIO}: Mixing Static and Dynamic Typing for Information-Flow Control in {H}askell},
 booktitle = "Proc. of the  {ACM} {SIGPLAN} International Conference on Functional Programming {(ICFP '15)}",
 year = {2015},
 publisher = {ACM},
}

@inproceedings{Russo:2015,
 author = {Russo, A.},
 title = {Functional Pearl: Two Can Keep a Secret, if One of Them Uses {H}askell},
 booktitle = {Proc. of the {ACM SIGPLAN} International Conference on Functional Programming},
 series = {ICFP 2015},
 year = {2015},
 publisher = {ACM},
}


@inproceedings{Yorgey:2012,
 author = {Yorgey, Brent A. and Weirich, Stephanie and Cretin, Julien and Peyton Jones, Simon and Vytiniotis, Dimitrios and Magalh\~{a}es, Jos{\'e} Pedro},
 title = {Giving Haskell a Promotion},
 booktitle = {Proc. of the 8th {ACM SIGPLAN} Workshop on Types in Language Design and Implementation},
 series = {TLDI '12},
 year = {2012},
 publisher = {ACM},
}


@inproceedings{Wadler:1990,
 author = {Wadler, Philip},
 title = {Comprehending Monads},
 booktitle = {Proceedings of the 1990 {ACM} Conference on {LISP} and Functional Programming},
 series = {LFP '90},
 year = {1990},
 pages = {61--78},
 publisher = {ACM},
}

@InProceedings{DBLP:conf/aplas/AustinFA12,
  author       = {Thomas H. Austin and Cormac Flanagan and Mart{\'{\i}}n Abadi},
  title        = {A Functional View of Imperative Information Flow},
  year         = 2012,
  booktitle    = {Programming Languages and Systems - 10th Asian Symposium,
                  {APLAS} 2012, Kyoto, Japan, December 11-13, 2012. Proceedings},
  pages        = {34-49},
  doi          = {10.1007/978-3-642-35182-2_4},
  url          = {http://dx.doi.org/10.1007/978-3-642-35182-2_4},
  crossref     = {DBLP:conf/aplas/2012},
  timestamp    = {Mon, 04 Feb 2013 12:47:37 +0100},
  biburl       = {http://dblp.dagstuhl.de/rec/bib/conf/aplas/AustinFA12},
  bibsource    = {dblp computer science bibliography, http://dblp.org}
}

@InProceedings{DBLP:conf/aplas/AustinFA12,
  author       = {Thomas H. Austin and Cormac Flanagan and Mart{\'{\i}}n Abadi},
  title        = {A Functional View of Imperative Information Flow},
  year         = 2012,
  booktitle    = {Programming Languages and Systems - 10th Asian Symposium,
                  {APLAS} 2012, Kyoto, Japan, December 11-13, 2012. Proceedings},
  pages        = {34-49},
  doi          = {10.1007/978-3-642-35182-2_4},
  url          = {http://dx.doi.org/10.1007/978-3-642-35182-2_4},
  crossref     = {DBLP:conf/aplas/2012},
  timestamp    = {Mon, 04 Feb 2013 12:47:37 +0100},
  biburl       = {http://dblp.dagstuhl.de/rec/bib/conf/aplas/AustinFA12},
  bibsource    = {dblp computer science bibliography, http://dblp.org}
}

@Article{Austin_2012,
  author       = {Austin, Thomas H. and Flanagan, Cormac and Abadi, Martín},
  title        = {A Functional View of Imperative Information Flow},
  year         = 2012,
  pages        = {34–49},
  issn         = {1611-3349},
   journal      = {Lecture Notes in Computer Science},
  publisher    = {Springer Berlin Heidelberg}
}

@article{Tse:DCCtoParam,
  author = {Tse, Stephen and Zdancewic, Steve},
  title = {Translating Dependency into Parametricity},
  journal = {SIGPLAN Not.},
  issue_date = {September 2004},
  volume = {39},
  number = {9},
  month = sep,
  year = {2004},
  issn = {0362-1340},
  pages = {115--125},
  numpages = {11},
  url = {http://doi.acm.org/10.1145/1016848.1016868},
  doi = {10.1145/1016848.1016868},
  acmid = {1016868},
  publisher = {ACM},
  address = {New York, NY, USA},
  keywords = {DCC, Haskell, dependency, information flow, lambda calculus, logical relations, monads, noninterference, parametricity, polymorphism, protection contexts, security, translation},
}

@book{chisquarebook,
author = {N. Balakrishnan and V. Voinov and M.S Nikulin},
year = {2013},
pages = {},
title = {{Chi-Squared Goodness of Fit Tests with Applications.} 1st Edition},
publisher = {{Academic Press}},
isbn = "9780123971944",
}

@book{gwbook,
author = {Haccou, P. and Jagers, P. and Vatutin, V.},
year = {2005},
title = {Branching processes. Variation, growth, and extinction of populations},
publisher = {{Cambridge University Press}},
isbn = "978-0-521-83220-5",
}


@InProceedings{ClaessenH00,
  author       = {K. Claessen and J. Hughes},
  title        = {{QuickCheck}: A Lightweight Tool for Random Testing of {Haskell}
                  Programs},
  year         = 2000,
  booktitle    = {Proc. of the {ACM} {SIGPLAN} International
                  Conference on Functional Programming {(ICFP})},
}


@Article{SheardJ02,
  author       = {T. Sheard and Simon L. Peyton Jones},
  title        = {Template meta-programming for {Haskell}},
  year         = 2002,
  volume       = 37,
  number       = 12,
  pages        = {60-75},
  journal      = {{SIGPLAN} Notices},
}


@InProceedings{GriecoCB16,
  author       = {G. Grieco and M. Ceresa and P. Buiras},
  title        = {{QuickFuzz}: An automatic random fuzzer for common file formats},
  year         = 2016,
  booktitle    = {Proc. of the International Symposium on {Haskell}},
  publisher    = {ACM},
}



@Article{MidtgaardJKNN17,
  author       = {J. Midtgaard and M. N. Justesen and P. Kasting
                  and F. Nielson and H. R. Nielson},
  title        = {Effect-driven {QuickChecking} of compilers},
  year         = 2017,
  number       = {{ICFP}},
  journal      = {{In Proceedings of the {ACM} on Programming Languages, Volume
                  1}},
}


@InProceedings{RuncimanNL08,
  author       = {C. Runciman and M. Naylor and F. Lindblad},
  title        = {{S}mallcheck and {L}azy {S}mallcheck: automatic exhaustive testing
                  for small values},
  year         = 2008,
  booktitle    = {Proc. of the {ACM} {SIGPLAN} Symposium on Haskell},
}


@InProceedings{DuregardJW12,
  author       = {J. Dureg{\aa}rd and P. Jansson and M. Wang},
  title        = {Feat: Functional enumeration of algebraic types},
  year         = 2012,
  booktitle    = {Proc. of the {ACM} {SIGPLAN} Symposium on Haskell},
}


@InProceedings{ClaessenDP14,
  author       = {K. Claessen and J. Dureg{\aa}rd and M. H. Palka},
  title        = {Generating Constrained Random Data with Uniform Distribution},
  year         = 2014,
  booktitle    = {Proc. of the Functional and Logic Programming {FLOPS}},
}

@misc{zzuf,
  author = {{CACA Labs}},
  title = {{zzuf - multi-purpose fuzzer}},
  howpublished = "\mbox{\url{http://caca.zoy.org/wiki/zzuf}}",
  year = {2010},
}

@misc{radamsa,
  author = {{Oulu University Secure Programming Group}},
  title = {{A Crash Course to Radamsa}},
  howpublished = "\mbox{\url{https://github.com/aoh/radamsa}}",
  year = {2010},
}

@misc{afl,
  author = {{M. Zalewski}},
  title = {{American Fuzzy Lop: a security-oriented fuzzer}},
  howpublished = "\mbox{\url{http://lcamtuf.coredump.cx/afl/}}",
  year = {2010},
}

@misc{clisp,
  author = {{Bruno Haible}},
  title = {{GNU CLISP: an ANSI implementation of Common Lisp}},
  howpublished = "\mbox{\url{https://clisp.sourceforge.io/}}",
  year = {1994},
}

@misc{bash,
  author = {{Brian J. Fox}},
  title = {{GNU Bash: The GNU Bourne-Again SHell}},
  howpublished = "\mbox{\url{https://www.gnu.org/software/bash/}}",
  year = {1989},
}

@misc{giflib,
  author = {{Eric S. Raymond}},
  title = {{GIFLIB: A library and utilities for processing GIFs}},
  howpublished = "\mbox{\url{http://giflib.sourceforge.net/}}",
  year = {1989},
}

@misc{juicypixels,
  author = {{V. Berthoux}},
  title = {{Juicy.Pixels: Haskell library to load \& save pictures}},
  howpublished = "\mbox{\url{https://hackage.haskell.org/package/JuicyPixels}}",
  year = {2012},
}

@misc{attolisp,
  author = {{T. Schilling}},
  title = {{atto-lisp: Efficient parsing and serialisation of S-Expressions.}},
  howpublished = "\mbox{\url{https://hackage.haskell.org/package/atto-lisp}}",
  year = {2015},
}

@misc{languagebash,
  author = {{K. Raftogianis}},
  title = {{Language-bash: A library for parsing, pretty-printing, and manipulating Bash shell scripts.}},
  howpublished = "\mbox{\url{https://hackage.haskell.org/package/language-bash}}",
  year = {2017},
}



@InProceedings{HughesNSA16,
  author       = {J. Hughes and U. Norell and N. Smallbone and T. Arts},
  title        = {Find more bugs with {QuickCheck}!},
  year         = 2016,
  booktitle    = {Proc. of the International Workshop on Automation
                  of Software Test, {AST@ICSE}},
}

@InProceedings{HughesPAN16,
  author       = {J. Hughes and B, C. Pierce and T. Arts and U. Norell},
  title        = {Mysteries of {DropBox}: Property-Based Testing of a Distributed
                  Synchronization Service},
  year         = 2016,
  booktitle    = {Proc. of the Int. Conference on Software Testing,
                  Verification and Validation, {ICST}},
}

@InProceedings{ArtsHNS15,
  author       = {T. Arts and J. Hughes and U. Norell and H. Svensson},
  title        = {Testing {AUTOSAR} software with {QuickCheck}},
  year         = 2015,
  booktitle    = {In Proc. of {IEEE} International Conference on Software Testing,
                  Verification and Validation, {ICST} Workshops},
}

@article{grieco2017,
title = "{QuickFuzz} testing for fun and profit",
journal = "Journal of Systems and Software",
volume = "134",
number = "Supp. C",
year = "2017",
author = "G. Grieco and M. Ceresa and A. Mista and P. Buiras",
}

@article{Claessen:2002,
 author = {Claessen, Koen and Hughes, John},
 title = {Testing Monadic Code with {QuickCheck}},
 journal = {SIGPLAN Not.},
 issue_date = {December 2002},
 volume = {37},
 number = {12},
 month = december,
 year = {2002},
 issn = {0362-1340},
 pages = {47--59},
 numpages = {13},
 doi = {10.1145/636517.636527},
 acmid = {636527},
 publisher = {ACM},
 address = {New York, NY, USA},
}

@article{Moggi:1991,
 author = {Moggi, Eugenio},
 title = {Notions of Computation and Monads},
 journal = {Inf. Comput.},
 issue_date = {July 1991},
 volume = {93},
 number = {1},
 month = jul,
 year = {1991},
 issn = {0890-5401},
 pages = {55--92},
 numpages = {38},
}


@inproceedings{Wadler:1989,
 author = {Wadler, P. and Blott, S.},
 title = {How to Make Ad-hoc Polymorphism Less Ad Hoc},
 booktitle = {Proceedings of the 16th {ACM SIGPLAN-SIGACT} Symposium on Principles of Programming Languages},
 series = {{POPL} '89},
 year = {1989},
 isbn = {0-89791-294-2},
 location = {Austin, Texas, USA},
 pages = {60--76},
 numpages = {17},
}


@InProceedings{ClaessenSH10,
  author       = {Koen Claessen and Nicholas Smallbone and John Hughes},
  title        = {{QuickSpec}: Guessing Formal Specifications Using Testing},
  year         = 2010,
  booktitle    = {Proceedings of the 4th International Conference on Tests and Proofs, {TAP} 2010,
                  M{\'{a}}laga, Spain, July 1-2, 2010.},
  pages        = {6-21},
}

@inproceedings{BraquehaisR16,
  author       = {Rudy Braquehais and Colin Runciman},
  title        = {FitSpec: refining property sets for functional testing},
  year         = 2016,
  booktitle    = {Proceedings of the 9th International Symposium on {H}askell,
                  {H}askell 2016, {N}ara, {J}apan, September 22-23, 2016},
  pages        = {1-12},
}


@inproceedings{mitchell2007
    ,title          = {Deriving Generic Functions by Example}
    ,author         = {N. Mitchell}
    ,year           = {2007}
    ,pages          = {55--62}
    ,publisher      = {Tech. Report YCS-2007-421, Department of Computer Science, University of York, UK}
    ,booktitle      = {Proc. of the 1st York Doctoral Syposium}
}


@InProceedings{LampropoulosGHH17,
  author       = {L. Lampropoulos and D. Gallois{-}Wong and C.
                  Hritcu and J. Hughes and B. C. Pierce and L. Xia},
  title        = {Beginner's luck: a language for property-based generators},
  year         = 2017,
  booktitle    = {Proc.  of the  {ACM} {SIGPLAN} Symposium on
                  Principles of Programming Languages, {POPL}},
}


@InProceedings{PouldingF14,
  author       = {Simon M. Poulding and Robert Feldt},
  title        = {Generating structured test data with specific properties using
                  nested Monte-Carlo search},
  year         = 2014,
  booktitle    = {Genetic and Evolutionary Computation Conference, {GECCO} '14,
                  Vancouver, BC, Canada, July 12-16, 2014},
  pages        = {1279-1286},

}

@article{Duchon2004,
 author = {Duchon, P. and Flajolet, P. and Louchard, G. and
                  Schaeffer, G.},
 title = {Boltzmann Samplers for the Random Generation of Combinatorial
                  Structures},
 journal = {Combinatorics, Probability and Computing.},
 volume = {13},
 year = {2004},
 publisher = {Cambridge University Press},
}

@inproceedings{feldt2013,
  author={R. Feldt and S. Poulding},
  booktitle={Proc. of International Symp. on Software Reliability Engineering
                  (ISSRE)},
  title={Finding test data with specific properties via metaheuristic search},
  year={2013},
  publisher={IEEE}
}

@InProceedings{chen2005,
  author="Chen, T. Y. and Leung, H. and Mak, I. K.",
  editor="Maher, Michael J.",
  title="Adaptive Random Testing",
  booktitle="Advances in Computer Science - ASIAN 2004.
    Higher-Level Decision Making",
  year="2005",
  publisher="Springer Berlin Heidelberg",
}

@inproceedings{ciupa2008,
  title={ARTOO: adaptive random testing for object-oriented software},
  author={I. Ciupa and A. Leitner and M. Oriol and B. Meyer},
  booktitle={Proc. of International Conference on Software Engineering},
  year={2008},
  publisher={ACM/IEEE}
}

@article{chan1996,
  title = "Proportional sampling strategy: guidelines for software testing
                  practitioners",
  journal = "Information and Software Technology",
  volume = "38",
  number = "12",
  pages = "775 - 782",
  year = "1996",
  author = "F.T. Chan and T.Y. Chen and I.K. Mak and Y.T. Yu",
}

@article{Lampropoulos2017,
  author = {Lampropoulos, L. and Paraskevopoulou, Z. and Pierce, B.
                  C.},
   title = {Generating Good Generators for Inductive Relations},
   journal = {In Proc. ACM on Programming Languages},
   volume = {2},
   number = {POPL},
   year = {2017},
   articleno = {45},
   publisher = {ACM},

}


@article{Poulding2017,
  title={Automated Random Testing in Multiple Dispatch Languages},
  author={S. M. Poulding and R. Feldt},
  journal={IEEE International Conference on Software Testing, Verification
                  and Validation (ICST)},
  year={2017},
}

@inproceedings{Arcuri2011,
   author = {Arcuri, A. and Briand, L.},
   title = {Adaptive Random Testing: An Illusion of Effectiveness?},
   booktitle = {Proc. of the International Symposium on Software
                  Testing and Analysis},
   series = {ISSTA '11},
   year = {2011},
   publisher = {ACM},
}

@article{Mcbride2008,
 author = {McBride, C. and Paterson, R.},
 title = {Applicative Programming with Effects},
 journal = {Journal of Functional Programming},
 volume = {18},
 number = {1},
 month = jan,
 year = {2008},
 publisher = {Cambridge University Press},
}

@inproceedings{Bendkowski2017,
  title={Boltzmann Samplers for Closed Simply-Typed Lambda Terms},
  author={M. Bendkowski and K. Grygiel and P. Tarau},
  booktitle={In Proc. of International Symposium on Practical Aspects of Declarative Languages},
  year={2017},
  publisher = {ACM}
}

@article{gw1875,
  title={On the probability of the extinction of families},
  author={H. W. Watson and F. Galton},
  journal={The Journal of the Anthropological Institute of Great Britain and
                  Ireland},
  year={1875},
  publisher={JSTOR}
}

@article{pentest,
   author={B. Arkin and S. Stender and G. McGraw},
   journal={IEEE Security Privacy},
   title={Software penetration testing},
   year={2005},
}

@misc{extended,
	author = {A. Mista and A. Russo and J. Hughes},
	howpublished = "\url{https://bitbucket.org/agustinmista/dragen/downloads/full-paper.pdf}",
	title = "{Branching Processes for QuickCheck Generators (extended version)}",
	year = {2018},
}



@InProceedings{DBLP:conf/haskell/MistaRH18,
  author       = {Agust{\'{\i}}n Mista and Alejandro Russo and John Hughes},
  title        = {Branching processes for QuickCheck generators},
  year         = 2018,
  booktitle    = {Proceedings of the 11th {ACM} {SIGPLAN} International
                  Symposium on Haskell, Haskell@ICFP 2018, St. Louis, MO, USA,
                  September 27-17, 2018},
  pages        = {1-13},
  timestamp    = {Tue, 11 Dec 2018 19:30:58 +0100},
}

@inbook{bendkowski2018,
author = {Maciej Bendkowski and Olivier Bodini and Sergey Dovgal},
title = {Polynomial tuning of multiparametric combinatorial samplers},
booktitle = {2018 Proceedings of the Fifteenth Workshop on Analytic Algorithmics and Combinatorics (ANALCO)},
chapter = {},
pages = {92-106},
doi = {10.1137/1.9781611975062.9},
URL = {https://epubs.siam.org/doi/abs/10.1137/1.9781611975062.9},
eprint = {https://epubs.siam.org/doi/pdf/10.1137/1.9781611975062.9}
}

@inproceedings{godefroid2005dart,
  title={DART: directed automated random testing},
  author={Godefroid, Patrice and Klarlund, Nils and Sen, Koushik},
  booktitle={ACM Sigplan Notices},
  volume={40},
  number={6},
  pages={213--223},
  year={2005},
  organization={ACM}
}